% Encoding: UTF-8
@article{horvitz2013reasoning,
  title={Reasoning about beliefs and actions under computational resource constraints},
  author={Horvitz, Eric J},
  journal={arXiv preprint arXiv:1304.2759},
  year={2013}
}
@inproceedings{vaswani2017attention,
  title={Attention is all you need},
  author={Vaswani, Ashish and Shazeer, Noam and Parmar, Niki and Uszkoreit, Jakob and Jones, Llion and Gomez, Aidan N and Kaiser, {\L}ukasz and Polosukhin, Illia},
  booktitle={Advances in neural information processing systems},
  pages={5998--6008},
  year={2017}
}@inproceedings{anju2021faster,
  title={Faster Training of Edge-attention Aided 6D Pose Estimation Model using Transfer Learning and Small Customized Dataset},
  author={Anju, S and Mishra, Deepak and others},
  booktitle={2021 Sixth International Conference on Wireless Communications, Signal Processing and Networking (WiSPNET)},
  pages={62--67},
  year={2021},
  organization={IEEE}
}@inproceedings{abadi2016tensorflow,
  title={Tensorflow: A system for large-scale machine learning},
  author={Abadi, Mart{\'\i}n and Barham, Paul and Chen, Jianmin and Chen, Zhifeng and Davis, Andy and Dean, Jeffrey and Devin, Matthieu and Ghemawat, Sanjay and Irving, Geoffrey and Isard, Michael and others},
  booktitle={12th $\{$USENIX$\}$ symposium on operating systems design and implementation ($\{$OSDI$\}$ 16)},
  pages={265--283},
  year={2016}
}@article{paszke2019pytorch,
  title={Pytorch: An imperative style, high-performance deep learning library},
  author={Paszke, Adam and Gross, Sam and Massa, Francisco and Lerer, Adam and Bradbury, James and Chanan, Gregory and Killeen, Trevor and Lin, Zeming and Gimelshein, Natalia and Antiga, Luca and others},
  journal={Advances in neural information processing systems},
  volume={32},
  pages={8026--8037},
  year={2019}
}@article{genc2019gemmini,
  title={Gemmini: An agile systolic array generator enabling systematic evaluations of deep-learning architectures},
  author={Genc, Hasan and Haj-Ali, Ameer and Iyer, Vighnesh and Amid, Alon and Mao, Howard and Wright, John and Schmidt, Colin and Zhao, Jerry and Ou, Albert and Banister, Max and others},
  journal={arXiv preprint arXiv:1911.09925},
  year={2019}
}@inproceedings{farshchi2019integrating,
  title={Integrating NVIDIA deep learning accelerator (NVDLA) with RISC-V SoC on FireSim},
  author={Farshchi, Farzad and Huang, Qijing and Yun, Heechul},
  booktitle={2019 2nd Workshop on Energy Efficient Machine Learning and Cognitive Computing for Embedded Applications (EMC2)},
  pages={21--25},
  year={2019},
  organization={IEEE}
}@article{amid2020chipyard,
  title={Chipyard: Integrated design, simulation, and implementation framework for custom socs},
  author={Amid, Alon and Biancolin, David and Gonzalez, Abraham and Grubb, Daniel and Karandikar, Sagar and Liew, Harrison and Magyar, Albert and Mao, Howard and Ou, Albert and Pemberton, Nathan and others},
  journal={IEEE Micro},
  volume={40},
  number={4},
  pages={10--21},
  year={2020},
  publisher={IEEE}
}
@Comment{jabref-meta: databaseType:bibtex;}
