@book{abiteboul:1995,
  author    = {Serge Abiteboul and Richard Hull and Victor Vianu},
  title     = {Foundations of Databases},
  publisher = {Addison-Wesley},
  year      = {1995}}

@article{beeri:jacm1983,
  author    = {Catriel Beeri and Ronald Fagin and David Maier and Mihalis Yannakakis},
  title     = {On the Desirability of Acyclic Database Schemes},
  journal   = {J. {ACM}},
  volume    = {30},
  number    = {3},
  pages     = {479-513},
  year      = {1983}}

@article{boerger:ai2016,
  author    = {Egon B\"{o}rger and Klaus-Dieter Schewe},
  title     = {Concurrent abstract state machines},
  journal   = {Acta Informaticae},
  volume    = {53},
  number    = {5},
  pages     = {469-492},
  year      = {2016},
  url       = {https://doi.org/10.1007/s00236-015-0249-7},
  doi       = {10.1007/s00236-015-0249-7}}

@article{boerger:jcss2012,
  author    = {Egon B{\"{o}}rger and Antonio Cisternino and Vincenzo Gervasi},
  title     = {Ambient Abstract State Machines with Applications},
  journal   = {J. Comput. Syst. Sci.},
  volume    = {78},
  number    = {3},
  pages     = {939-959},
  year      = {2012}}

@book{boerger:2003,
author={Egon B\"orger and Robert St\"{a}rk},
title={{Abstract State Machines}},
publisher={ Springer-Verlag},
address={Berlin Heidelberg New York},
year=2003}
  
@article{bousquet:jmlr2002,
  author    = {Olivier Bousquet and Andr\'{e} Elisseeff},
  title     = {Stability and Generalization},
  journal   = {J. Mach. Learn. Res.},
  volume    = {2},
  pages     = {499-526},
  year      = {2002}}
  
@inproceedings{dehmamy:nips2019,
  author    = {Nima Dehmamy and Albert-L\'{a}szl\'{o} Barab\'{a}si and Rose Yu},
  title     = {Understanding the Representation Power of Graph Neural Networks in Learning Graph Topology},
  booktitle = {Annual Conference on Neural Information Processing Systems (NeurIPS 2019)},
  editor    = {Hanna M. Wallach and others},
  url       = {https://proceedings.neurips.cc/paper/2019},
  pages     = {15387-15397},
  year      = {2019}}

@article{ehrlich:cms2011,
author={H.-C. Ehrlich and M. Rarey},
title={Maximum common subgraph isomorphism algorithms and their applications in molecular science: a
review},
journal={Wiley Interdisciplinary Reviews: Computational Molecular Science},
volume=1,
number=1,
pages={68-79},
year=2011}

@article{ferrarotti:scp2019,
  author    = {Flavio Ferrarotti and Sen\'{e}n Gonz\'{a}lez and Klaus-Dieter Schewe},
  title     = {{BSP} abstract state machines capture bulk synchronous parallel computations},
  journal   = {Science of Computer Programming},
  volume    = {184},
  year      = {2019},
  url       = {https://doi.org/10.1016/j.scico.2019.102319},
  doi       = {10.1016/j.scico.2019.102319}}

@book{flach:2012,
  author    = {Peter A. Flach},
  title     = {Machine Learning - The Art and Science of Algorithms that Make Sense of Data},
  publisher = {Cambridge University Press},
  year      = {2012},
  isbn      = {978-1-10-742222-3}}

@inproceedings{morris:aaai2019,
  author    = {Christopher Morris and Martin Ritzert and Matthias Fey and William L. Hamilton and Jan Eric Lenssen and Gaurav Rattan and Martin Grohe},
  title     = {Weisfeiler and {Leman} Go Neural: Higher-Order Graph Neural Networks},
  booktitle = {The Thirty-Third {AAAI} Conference on Artificial Intelligence ({AAAI} 2019)},
  publisher = {{AAAI} Press},
  url       = {https://www.aaai.org/Library/AAAI/aaai19contents.php},
  isbn      = {978-1-57735-809-1},
  pages     = {4602-4609},
  year      = {2019}}
  
@inproceedings{gilmer:icml2017,
  author    = {Justin Gilmer and Samuel S. Schoenholz and Patrick F. Riley and Oriol Vinyals and George E. Dahl},
  title     = {Neural Message Passing for Quantum Chemistry},
  booktitle = {Proceedings of the 34th International Conference on Machine Learning ({ICML} 2017)},
  editor    = {Doina Precup and Yee Whye Teh},
  series    = {Proceedings of Machine Learning Research},
  volume    = {70},
  publisher = {{PMLR}},
  pages     = {1263-1272},
  year      = {2017}}
  
@inproceedings{li:icml2019,
  author    = {Yujia Li and Chenjie Gu and Thomas Dullien and Oriol Vinyals and Pushmeet Kohli},
  title     = {Graph Matching Networks for Learning the Similarity of Graph Structured Objects},
  booktitle = {Proceedings of the 36th International Conference on Machine Learning ({ICML} 2019)},
  editor    = {Kamalika Chaudhuri and Ruslan Salakhutdinov},
  series    = {Proceedings of Machine Learning Research},
  volume    = {97},
  publisher = {{PMLR}},
  pages     = {3835-3845},
  year      = {2019}}
  
@inproceedings{hamilton:nips2017,
  author    = {William L. Hamilton and Zhitao Ying and Jure Leskovec},
  title     = {Inductive Representation Learning on Large Graphs},
  booktitle = {Annual Conference on Neural Information Processing Systems (NeurIPS 2017)},
  editor    = {Isabelle Guyon and others},
  url       = {https://proceedings.neurips.cc/paper/2017},
  pages     = {1024-1034},
  year      = {2017}}
  
@article{hamilton:corr2017,
  author    = {William L. Hamilton and Rex Ying and Jure Leskovec},
  title     = {Representation Learning on Graphs: Methods and Applications},
  journal   = {CoRR},
  volume    = {abs/1709.05584},
  year      = {2017},
  url       = {http://arxiv.org/abs/1709.05584}}

@article{higgins:corr2018,
  author    = {Irina Higgins and David Amos and David Pfau and S\'{e}bastien Racani\`{e}re and Lo\"{\i}c Matthey and Danilo J. Rezende and Alexander Lerchner},
  title     = {Towards a Definition of Disentangled Representations},
  journal   = {CoRR},
  volume    = {abs/1812.02230},
  year      = {2018},
  url       = {http://arxiv.org/abs/1812.02230}}

@inproceedings{khalil:nips2017,
  author    = {Elias B. Khalil and Hanjun Dai and Yuyu Zhang and Bistra Dilkina and Le Song},
  title     = {Learning Combinatorial Optimization Algorithms over Graphs},
  booktitle = {Annual Conference on Neural Information Processing Systems (NeurIPS 2017)},
  editor    = {Isabelle Guyon and others},
  url       = {https://proceedings.neurips.cc/paper/2017},
  pages     = {6348-6358},
  year      = {2017}}
  
@misc{li:abz2021,
author = {Zilinghan Li and Shilan He and Yiqing Du and Sen\'{e}n Gonz\'{a}lez and Klaus-Dieter Schewe},
title = {Unbounded Barrier-Synchronized Concurrent ASMs for Effective MapReduce Processing on Streams},
note = {submitted for publication},
year=2021}
  
@article{locatello:corr2018,
  author    = {Francesco Locatello and Gabriele Abbati and Tom Rainforth and Stefan Bauer and Bernhard Sch\"{o}lkopf and Olivier Bachem},
  title     = {On the Fairness of Disentangled Representations},
  journal   = {CoRR},
  volume    = {abs/1905.13662},
  year      = {2019},
  url       = {http://arxiv.org/abs/1905.13662}}
  
@article{mckay:congnum1981,
author={B. D. McKay},
title={Practical graph isomorphism},
journal={Congressus Numerantium},
volume=30, 
pages={45-87},
year=1981}
  
@article{mathon:congnum1978,
author={Rudolf Mathon},
title={Sample graphs for isomorphism testing},
journal={Congressus Numerantium},
volume=21,
pages={499â€“517},
year=1978}

@book{oezsu:2020,
  author    = {M. Tamer \"{O}zsu and Patrick Valduriez},
  title     = {Principles of Distributed Database Systems, 4th Edition},
  publisher = {Springer},
  year      = {2020},
  url       = {https://doi.org/10.1007/978-3-030-26253-2},
  doi       = {10.1007/978-3-030-26253-2},
  isbn      = {978-3-030-26252-5}}
  
@book{paun:2002,
  author    = {Gheorghe P\u{a}un},
  title     = {Membrane Computing: An Introduction},
  series    = {Natural computing series},
  publisher = {Springer},
  year      = {2002}}
  
@book{paun:1998,
  author    = {Gheorghe P\u{a}un and Grzegorz Rozenberg and Arto Salomaa},
  title     = {{DNA} Computing - New Computing Paradigms},
  series    = {Texts in Theoretical Computer Science. An {EATCS} Series},
  publisher = {Springer},
  year      = {1998}}

@article{paun:csjm2001,
  author    = {Carlos {Mart\'{\i}n-Vide} and Gheorghe P\u{a}un and Alfonso {Rodr\'{\i}guez-Pat\'{o}n}},
  title     = {On {P} Systems with Membrane Creation},
  journal   = {The Computer Science Journal of Moldova},
  volume    = {9},
  number    = {2},
  pages     = {134-145},
  year      = {2001}}
  
@incollection{paun:ecss2009,
  author    = {Gheorghe P\u{a}un},
  title     = {Membrane Computing},
  booktitle = {Encyclopedia of Complexity and Systems Science},
  editor    = {Robert A. Meyers},
  publisher = {Springer},
  pages     = {5523-5535},
  year      = {2009}}
  
@article{petre:jucs1999,
  author    = {Ion Petre and Luigia Petre},
  title     = {Mobile Ambients and {P}-Systems},
  journal   = {J. {UCS}},
  volume    = {5},
  number    = {9},
  pages     = {588-598},
  year      = {1999}}

@article{scarselli:tnn2009,
  author    = {Franco Scarselli and Marco Gori and Ah Chung Tsoi and Markus Hagenbuchner and Gabriele Monfardini},
  title     = {The Graph Neural Network Model},
  journal   = {{IEEE} Trans. Neural Networks},
  volume    = {20},
  number    = {1},
  pages     = {61-80},
  year      = {2009}}
  
@article{schewe:corr2019,
  author    = {Klaus-Dieter Schewe and Andreas Prinz and Egon B\"{o}rger},
  title     = {Concurrent Computing with Shared Replicated Memory},
  journal   = {CoRR},
  volume    = {abs/1902.04789},
  year      = {2019}}

@incollection{schewe:synasc2017,
author={K.-D. Schewe},
title={Concurrent Reflective {Abstract State Machines}},
pages = {30-35},
year={2018}, 
booktitle={19th Symposium on Symbolic and Numeric Algorithms for Scientific Computing (SYNASC 2017)}, 
editor={T. Jebelean and others},
publisher={IEEE},
url       = {https://ieeexplore.ieee.org/xpl/conhome/8528958/proceeding}}

@inproceedings{schewe:abz2018,
  author    = {Klaus-Dieter Schewe and Loredana Tec and Qing Wang},
  title     = {Capturing Membrane Computing by ASMs},
  booktitle = {6th International Conference on Abstract State Machines, Alloy, B, TLA, VDM, and {Z} ({ABZ} 2018)},
  editor    = {Michael J. Butler and others},
  series    = {Lecture Notes in Computer Science},
  volume    = {10817},
  publisher = {Springer},
  pages     = {380-385},
  year      = {2018}}
  
@inproceedings{selsam:iclr2019,
  author    = {Daniel Selsam and Matthew Lamm and Benedikt B\"{u}nz and Percy Liang and Leonardo de Moura and David L. Dill},
  title     = {Learning a {SAT} Solver from Single-Bit Supervision},
  booktitle = {7th International Conference on Learning Representations ({ICLR} 2019)},
  publisher = {OpenReview.net},
  year      = {2019},
  url       = {https://openreview.net/group?id=ICLR.cc/2019/Conference}}

@article{valiant:cacm1990,
  author    = {Leslie G. Valiant},
  title     = {A Bridging Model for Parallel Computation},
  journal   = {Commun. {ACM}},
  volume    = {33},
  number    = {8},
  pages     = {103-111},
  year      = {1990},
  doi       = {10.1145/79173.79181}}
  
@inproceedings{vinyals:nips2015,
  author    = {Oriol Vinyals and Meire Fortunato and Navdeep Jaitly},
  title     = {Pointer Networks},
  booktitle = {Annual Conference on Neural Information Processing Systems (NeurIPS 2015)},
  editor    = {Corinna Cortes and others},
  url       = {https://proceedings.neurips.cc/paper/2015},
  pages     = {2692-2700},
  year      = {2015}}

@inproceedings{qing:nips2019,
  author    = {Asiri Wijesinghe and Qing Wang},
  title     = {{DFN}ets: Spectral {CNN}s for Graphs with Feedback-Looped Filters},
  booktitle = {Annual Conference on Neural Information Processing Systems (NeurIPS 2019)},
  editor    = {Hanna M. Wallach and others},
  url       = {https://proceedings.neurips.cc/paper/2019},
  pages     = {6007-6018},
  year      = {2019}}
  
@inproceedings{qing:cikm2017,
  author    = {Qiongkai Xu and Qing Wang and Chenchen Xu and Lizhen Qu},
  title     = {Attentive Graph-based Recursive Neural Network for Collective Vertex Classification},
  booktitle = {Proceedings of the 2017 {ACM} on Conference on Information and Knowledge Management ({CIKM} 2017)},
  editor    = {Ee-Peng Lim and others},
  publisher = {{ACM}},
  url       = {http://dl.acm.org/citation.cfm?id=3132847},
  pages     = {2403-2406},
  year      = {2017}}
  
@inproceedings{xu:iclr2019,
  author    = {Keyulu Xu and Weihua Hu and Jure Leskovec and Stefanie Jegelka},
  title     = {How Powerful are Graph Neural Networks?},
  booktitle = {7th International Conference on Learning Representations ({ICLR} 2019)},
  publisher = {OpenReview.net},
  url       = {https://openreview.net/group?id=ICLR.cc/2019/Conference},
  year      = {2019}}